%YAML 1.1
%TAG !u! tag:unity3d.com,2011:
--- !u!243 &-6957318260406404298
AudioMixerGroupController:
  m_ObjectHideFlags: 0
  m_CorrespondingSourceObject: {fileID: 0}
  m_PrefabInstance: {fileID: 0}
  m_PrefabAsset: {fileID: 0}
  m_Name: LowPass
  m_AudioMixer: {fileID: 24100000}
  m_GroupID: 9dee3aba0b609814d88105de5d798ab7
  m_Children: []
  m_Volume: 8fbf8c78f345d594eba3f763a1520370
  m_Pitch: 6075db134fa27e64d94f810f554059ef
  m_Send: 00000000000000000000000000000000
  m_Effects:
  - {fileID: -279269434421465948}
  - {fileID: -3761693525334864148}
  - {fileID: 4527776111258530087}
  m_UserColorIndex: 1
  m_Mute: 0
  m_Solo: 0
  m_BypassEffects: 0
--- !u!245 &-6171255873419486645
AudioMixerSnapshotController:
  m_ObjectHideFlags: 0
  m_CorrespondingSourceObject: {fileID: 0}
  m_PrefabInstance: {fileID: 0}
  m_PrefabAsset: {fileID: 0}
  m_Name: Paused_Menu
  m_AudioMixer: {fileID: 24100000}
  m_SnapshotID: 4601a3bc3e5f40b4c9f801df8f6d7dcb
  m_FloatValues:
    663eea800e43d64428b304f5d8e00077: 0
    78e604617c959824ca7b2ea4652df0a9: 3
    13b4d4b144d6c5d4fbe91cfc61a31724: -25
    36649c0269938864b8d4f80a9e39f04d: -1000
    d913d78236fa04446a61053d77a2fc6c: -1200
    50349a0460a775e4aa603421db7ca4c1: 1030
    4a57df56760a21d4daf7c328259d80f7: 350
    b00533078432f974d9a528096c2f196b: 0
    8fd86cd9d7065404091843dbe6618938: -370
    8613922b148d3744abb167275c93fd94: 0
    243cad3c699ba5242ae14ce089b5d93f: 0
    b3be534d2cfd6864b9ff477f87fda9f0: -0.002441872
  m_TransitionOverrides: {}
--- !u!244 &-3761693525334864148
AudioMixerEffectController:
  m_ObjectHideFlags: 3
  m_CorrespondingSourceObject: {fileID: 0}
  m_PrefabInstance: {fileID: 0}
  m_PrefabAsset: {fileID: 0}
  m_Name: 
  m_EffectID: 1d17182d672af634a8725686bab3fc58
  m_EffectName: Receive
  m_MixLevel: 166b077d74718e84598570ffeda4d3d8
  m_Parameters: []
  m_SendTarget: {fileID: 0}
  m_EnableWetMix: 0
  m_Bypass: 0
--- !u!244 &-3666089319174902335
AudioMixerEffectController:
  m_ObjectHideFlags: 3
  m_CorrespondingSourceObject: {fileID: 0}
  m_PrefabInstance: {fileID: 0}
  m_PrefabAsset: {fileID: 0}
  m_Name: 
  m_EffectID: 1e4d2690ca2aba0428211015601a4c9d
  m_EffectName: SFX Reverb
  m_MixLevel: 8b232c8de4c83f74c92e2febd8c48ef9
  m_Parameters:
  - m_ParameterName: Dry Level
    m_GUID: 21b6993613e140e4aa7f53d37f34b12f
  - m_ParameterName: Room
    m_GUID: 36649c0269938864b8d4f80a9e39f04d
  - m_ParameterName: Room HF
    m_GUID: d913d78236fa04446a61053d77a2fc6c
  - m_ParameterName: Decay Time
    m_GUID: 78e604617c959824ca7b2ea4652df0a9
  - m_ParameterName: Decay HF Ratio
    m_GUID: eeaec58555f3a514b96e938b998b0aa5
  - m_ParameterName: Reflections
    m_GUID: 8fd86cd9d7065404091843dbe6618938
  - m_ParameterName: Reflect Delay
    m_GUID: f236fbb18cde7d44886443571cf9dfcd
  - m_ParameterName: Reverb
    m_GUID: 50349a0460a775e4aa603421db7ca4c1
  - m_ParameterName: Reverb Delay
    m_GUID: 8b34b3421859edb43a52cab652971b06
  - m_ParameterName: Diffusion
    m_GUID: 997aab986facb3e41855e90341a99409
  - m_ParameterName: Density
    m_GUID: 742dfef13dac7a4409ce8bff894dd8ab
  - m_ParameterName: HF Reference
    m_GUID: 16ab2556604ea984ab44c7b24039dc9f
  - m_ParameterName: Room LF
    m_GUID: 0e9097b51ce91064f94f7d10a6db5b47
  - m_ParameterName: LF Reference
    m_GUID: 952e437018804eb468970e279d73fa8f
  m_SendTarget: {fileID: 0}
  m_EnableWetMix: 0
  m_Bypass: 0
--- !u!244 &-3554383780321162994
AudioMixerEffectController:
  m_ObjectHideFlags: 3
  m_CorrespondingSourceObject: {fileID: 0}
  m_PrefabInstance: {fileID: 0}
  m_PrefabAsset: {fileID: 0}
  m_Name: 
  m_EffectID: 33470aac93e90da4da5afe7befa6c843
  m_EffectName: Send
  m_MixLevel: 243cad3c699ba5242ae14ce089b5d93f
  m_Parameters: []
  m_SendTarget: {fileID: -3761693525334864148}
  m_EnableWetMix: 0
  m_Bypass: 0
--- !u!243 &-3518177092294833086
AudioMixerGroupController:
  m_ObjectHideFlags: 0
  m_CorrespondingSourceObject: {fileID: 0}
  m_PrefabInstance: {fileID: 0}
  m_PrefabAsset: {fileID: 0}
  m_Name: Reverb
  m_AudioMixer: {fileID: 24100000}
  m_GroupID: cb59c5b40bd30534f9f064598863a6a3
  m_Children: []
  m_Volume: b3be534d2cfd6864b9ff477f87fda9f0
  m_Pitch: 1cc6d94b2649ca54f957719cc6fca02f
  m_Send: 00000000000000000000000000000000
  m_Effects:
  - {fileID: 2670753421763142536}
  - {fileID: 1862562374568936048}
  - {fileID: -3666089319174902335}
  m_UserColorIndex: 1
  m_Mute: 0
  m_Solo: 0
  m_BypassEffects: 0
--- !u!244 &-3099144968983102396
AudioMixerEffectController:
  m_ObjectHideFlags: 3
  m_CorrespondingSourceObject: {fileID: 0}
  m_PrefabInstance: {fileID: 0}
  m_PrefabAsset: {fileID: 0}
  m_Name: 
  m_EffectID: 194bf5341c003134fab72283a4611868
  m_EffectName: Attenuation
  m_MixLevel: e103f26b194324741a8b432147a34e48
  m_Parameters: []
  m_SendTarget: {fileID: 0}
  m_EnableWetMix: 0
  m_Bypass: 0
--- !u!243 &-730005624657615506
AudioMixerGroupController:
  m_ObjectHideFlags: 0
  m_CorrespondingSourceObject: {fileID: 0}
  m_PrefabInstance: {fileID: 0}
  m_PrefabAsset: {fileID: 0}
  m_Name: Music
  m_AudioMixer: {fileID: 24100000}
  m_GroupID: da2bed74188657540b077357eae14eba
  m_Children: []
  m_Volume: 1c28530e33791874eb39180bd1851365
  m_Pitch: c537fbc464de7054b9bcb7b4b28dc089
  m_Send: 00000000000000000000000000000000
  m_Effects:
  - {fileID: -3099144968983102396}
  - {fileID: -3554383780321162994}
  m_UserColorIndex: 6
  m_Mute: 0
  m_Solo: 0
  m_BypassEffects: 0
--- !u!244 &-279269434421465948
AudioMixerEffectController:
  m_ObjectHideFlags: 3
  m_CorrespondingSourceObject: {fileID: 0}
  m_PrefabInstance: {fileID: 0}
  m_PrefabAsset: {fileID: 0}
  m_Name: 
  m_EffectID: 769171dfbe1937b419f61dacccbf2d92
  m_EffectName: Attenuation
  m_MixLevel: 193006c65e5f14448ab2dee4bee008c9
  m_Parameters: []
  m_SendTarget: {fileID: 0}
  m_EnableWetMix: 0
  m_Bypass: 0
--- !u!241 &24100000
AudioMixerController:
  m_ObjectHideFlags: 0
  m_CorrespondingSourceObject: {fileID: 0}
  m_PrefabInstance: {fileID: 0}
  m_PrefabAsset: {fileID: 0}
  m_Name: AudioMixerMaster
  m_OutputGroup: {fileID: 0}
  m_MasterGroup: {fileID: 24300002}
  m_Snapshots:
  - {fileID: 24500006}
  - {fileID: -6171255873419486645}
  m_StartSnapshot: {fileID: 24500006}
  m_SuspendThreshold: -80
  m_EnableSuspend: 1
  m_UpdateMode: 0
  m_ExposedParameters: []
  m_AudioMixerGroupViews:
  - guids:
    - a70bd4cbe921b1a4fa621990ac1bd4d8
    - b9da0ff88b50b4e4ba15c93b77074c57
    - da2bed74188657540b077357eae14eba
    - 5b0654d65b53b7342a77d0a15ec33cb0
    - cb59c5b40bd30534f9f064598863a6a3
    - 9dee3aba0b609814d88105de5d798ab7
    - af9043335ce64f0458f4b8f2d814c9dd
    name: View
  m_CurrentViewIndex: 0
  m_TargetSnapshot: {fileID: 24500006}
--- !u!243 &24300002
AudioMixerGroupController:
  m_ObjectHideFlags: 0
  m_CorrespondingSourceObject: {fileID: 0}
  m_PrefabInstance: {fileID: 0}
  m_PrefabAsset: {fileID: 0}
  m_Name: Master
  m_AudioMixer: {fileID: 24100000}
  m_GroupID: a70bd4cbe921b1a4fa621990ac1bd4d8
  m_Children:
  - {fileID: 366838656879304628}
  - {fileID: -730005624657615506}
  - {fileID: 8531027541673677893}
  - {fileID: -3518177092294833086}
  - {fileID: -6957318260406404298}
  - {fileID: 3992474649255359984}
  m_Volume: 3ed6dd5830c50e647b0b135ce9e50ace
  m_Pitch: 56190872e76d75342b4d18bfc869439a
  m_Send: 00000000000000000000000000000000
  m_Effects:
  - {fileID: 24400004}
  m_UserColorIndex: 0
  m_Mute: 0
  m_Solo: 0
  m_BypassEffects: 0
--- !u!244 &24400004
AudioMixerEffectController:
  m_ObjectHideFlags: 3
  m_CorrespondingSourceObject: {fileID: 0}
  m_PrefabInstance: {fileID: 0}
  m_PrefabAsset: {fileID: 0}
  m_Name: 
  m_EffectID: 7815718aa4a6c2843a61b01799d7bb58
  m_EffectName: Attenuation
  m_MixLevel: f0bfe8cab23e76e428b48171017269af
  m_Parameters: []
  m_SendTarget: {fileID: 0}
  m_EnableWetMix: 0
  m_Bypass: 0
--- !u!245 &24500006
AudioMixerSnapshotController:
  m_ObjectHideFlags: 0
  m_CorrespondingSourceObject: {fileID: 0}
  m_PrefabInstance: {fileID: 0}
  m_PrefabAsset: {fileID: 0}
  m_Name: Game
  m_AudioMixer: {fileID: 24100000}
  m_SnapshotID: 14e413baf29d4884fa5354a3531b1e88
  m_FloatValues:
    663eea800e43d64428b304f5d8e00077: 0
    78e604617c959824ca7b2ea4652df0a9: 3
    13b4d4b144d6c5d4fbe91cfc61a31724: -10
    36649c0269938864b8d4f80a9e39f04d: -1000
    d913d78236fa04446a61053d77a2fc6c: -1200
    22c6b6d34f474064ea29ded0f0cf5cef: -5.3230734
    50349a0460a775e4aa603421db7ca4c1: 1030
    b00533078432f974d9a528096c2f196b: 0
    8fd86cd9d7065404091843dbe6618938: -370
    8613922b148d3744abb167275c93fd94: 0
    243cad3c699ba5242ae14ce089b5d93f: 0
    b3be534d2cfd6864b9ff477f87fda9f0: -0.002441872
  m_TransitionOverrides: {}
--- !u!243 &366838656879304628
AudioMixerGroupController:
  m_ObjectHideFlags: 0
  m_CorrespondingSourceObject: {fileID: 0}
  m_PrefabInstance: {fileID: 0}
  m_PrefabAsset: {fileID: 0}
  m_Name: SFX
  m_AudioMixer: {fileID: 24100000}
  m_GroupID: b9da0ff88b50b4e4ba15c93b77074c57
  m_Children: []
  m_Volume: 22c6b6d34f474064ea29ded0f0cf5cef
  m_Pitch: d2a7171c355ac0b49abbbf6577d43837
  m_Send: 00000000000000000000000000000000
  m_Effects:
  - {fileID: 4954679018804804933}
  - {fileID: 6047827947123811973}
  m_UserColorIndex: 3
  m_Mute: 0
  m_Solo: 0
  m_BypassEffects: 0
--- !u!244 &1142126627233319363
AudioMixerEffectController:
  m_ObjectHideFlags: 3
  m_CorrespondingSourceObject: {fileID: 0}
  m_PrefabInstance: {fileID: 0}
  m_PrefabAsset: {fileID: 0}
  m_Name: 
  m_EffectID: 9d074f261a40b994eb00ea381ea633fa
  m_EffectName: Attenuation
  m_MixLevel: c4dbe4e3461eb6c48930f1498a1013a8
  m_Parameters: []
  m_SendTarget: {fileID: 0}
  m_EnableWetMix: 0
  m_Bypass: 0
--- !u!244 &1862562374568936048
AudioMixerEffectController:
  m_ObjectHideFlags: 3
  m_CorrespondingSourceObject: {fileID: 0}
  m_PrefabInstance: {fileID: 0}
  m_PrefabAsset: {fileID: 0}
  m_Name: 
  m_EffectID: 7b06cd5866f70d24994395ca54632c0a
  m_EffectName: Receive
  m_MixLevel: 1313f1135cc4cf0469bc8f75ee0d282f
  m_Parameters: []
  m_SendTarget: {fileID: 0}
  m_EnableWetMix: 0
  m_Bypass: 0
--- !u!244 &2670753421763142536
AudioMixerEffectController:
  m_ObjectHideFlags: 3
  m_CorrespondingSourceObject: {fileID: 0}
  m_PrefabInstance: {fileID: 0}
  m_PrefabAsset: {fileID: 0}
  m_Name: 
  m_EffectID: df77168e79feb23418e726745dac4e69
  m_EffectName: Attenuation
  m_MixLevel: d08e2171c2a85564eb48d41b0dcb243a
  m_Parameters: []
  m_SendTarget: {fileID: 0}
  m_EnableWetMix: 0
  m_Bypass: 0
--- !u!244 &2742323314947475199
AudioMixerEffectController:
  m_ObjectHideFlags: 3
  m_CorrespondingSourceObject: {fileID: 0}
  m_PrefabInstance: {fileID: 0}
  m_PrefabAsset: {fileID: 0}
  m_Name: 
  m_EffectID: 361842c90e90f024881baf588a4bc230
  m_EffectName: Attenuation
  m_MixLevel: e857aa16c5828e640b97a6cf8b4da6ac
  m_Parameters: []
  m_SendTarget: {fileID: 0}
  m_EnableWetMix: 0
  m_Bypass: 0
--- !u!243 &3992474649255359984
AudioMixerGroupController:
  m_ObjectHideFlags: 0
  m_CorrespondingSourceObject: {fileID: 0}
  m_PrefabInstance: {fileID: 0}
  m_PrefabAsset: {fileID: 0}
  m_Name: Dialog
  m_AudioMixer: {fileID: 24100000}
  m_GroupID: af9043335ce64f0458f4b8f2d814c9dd
  m_Children: []
  m_Volume: 7ed02503153862847bd1407007f53f01
  m_Pitch: 93477eee0864b1841bf9774070b551e9
  m_Send: 00000000000000000000000000000000
  m_Effects:
  - {fileID: 2742323314947475199}
  - {fileID: 6911733120049598617}
  m_UserColorIndex: 5
  m_Mute: 0
  m_Solo: 0
  m_BypassEffects: 0
--- !u!244 &4527776111258530087
AudioMixerEffectController:
  m_ObjectHideFlags: 3
  m_CorrespondingSourceObject: {fileID: 0}
  m_PrefabInstance: {fileID: 0}
  m_PrefabAsset: {fileID: 0}
  m_Name: 
  m_EffectID: 64f99145fd6a0f940bb641c3e4ebf6e6
  m_EffectName: Lowpass
  m_MixLevel: b9d6f7110bffd3c47bf754f2269e5f91
  m_Parameters:
  - m_ParameterName: Cutoff freq
    m_GUID: 4a57df56760a21d4daf7c328259d80f7
  - m_ParameterName: Resonance
    m_GUID: 74a69b07dbb47034192c345e7a5f1686
  m_SendTarget: {fileID: 0}
  m_EnableWetMix: 0
  m_Bypass: 0
--- !u!244 &4647959402486385786
AudioMixerEffectController:
  m_ObjectHideFlags: 3
  m_CorrespondingSourceObject: {fileID: 0}
  m_PrefabInstance: {fileID: 0}
  m_PrefabAsset: {fileID: 0}
  m_Name: 
  m_EffectID: 16275c119cd12b74496588fa92036986
  m_EffectName: Send
  m_MixLevel: b00533078432f974d9a528096c2f196b
  m_Parameters: []
  m_SendTarget: {fileID: -3761693525334864148}
  m_EnableWetMix: 0
  m_Bypass: 0
--- !u!244 &4954679018804804933
AudioMixerEffectController:
  m_ObjectHideFlags: 3
  m_CorrespondingSourceObject: {fileID: 0}
  m_PrefabInstance: {fileID: 0}
  m_PrefabAsset: {fileID: 0}
  m_Name: 
  m_EffectID: fecfaf2e524c2f041827daa08b648b52
  m_EffectName: Attenuation
  m_MixLevel: 7ff6be702ed0fc4499c5d3458dd92bb4
  m_Parameters: []
  m_SendTarget: {fileID: 0}
  m_EnableWetMix: 0
  m_Bypass: 0
--- !u!244 &6047827947123811973
AudioMixerEffectController:
  m_ObjectHideFlags: 3
  m_CorrespondingSourceObject: {fileID: 0}
  m_PrefabInstance: {fileID: 0}
  m_PrefabAsset: {fileID: 0}
  m_Name: 
  m_EffectID: a02075f085aace04295424d3fa115a20
  m_EffectName: Send
  m_MixLevel: 8613922b148d3744abb167275c93fd94
  m_Parameters: []
  m_SendTarget: {fileID: 1862562374568936048}
  m_EnableWetMix: 0
  m_Bypass: 0
--- !u!244 &6911733120049598617
AudioMixerEffectController:
  m_ObjectHideFlags: 3
  m_CorrespondingSourceObject: {fileID: 0}
  m_PrefabInstance: {fileID: 0}
  m_PrefabAsset: {fileID: 0}
  m_Name: 
  m_EffectID: 189701b027b099e4395a611e5b60cc87
  m_EffectName: Send
  m_MixLevel: 663eea800e43d64428b304f5d8e00077
  m_Parameters: []
  m_SendTarget: {fileID: 1862562374568936048}
  m_EnableWetMix: 0
  m_Bypass: 0
--- !u!243 &8531027541673677893
AudioMixerGroupController:
  m_ObjectHideFlags: 0
  m_CorrespondingSourceObject: {fileID: 0}
  m_PrefabInstance: {fileID: 0}
  m_PrefabAsset: {fileID: 0}
  m_Name: Ambient
  m_AudioMixer: {fileID: 24100000}
  m_GroupID: 5b0654d65b53b7342a77d0a15ec33cb0
  m_Children: []
  m_Volume: 13b4d4b144d6c5d4fbe91cfc61a31724
  m_Pitch: 260f003cc62c93242a34cb2d0c46c095
  m_Send: 00000000000000000000000000000000
  m_Effects:
  - {fileID: 1142126627233319363}
  - {fileID: 4647959402486385786}
  m_UserColorIndex: 8
  m_Mute: 0
  m_Solo: 0
  m_BypassEffects: 0
